http://guides.lib.monash.edu/citing-referencing/vancouver-dictionary-encyclopedia



